@inproceedings{inproceedings,
author = {Omari, Sammy and Hua, Minh-Duc and Ducard, Guillaume and Hamel, T.},
year = {2013},
pages = {},
title = {Nonlinear control of VTOL UAVs incorporating flapping dynamics},
journal = {IEEE International Conference on Intelligent Robots and Systems},
doi = {10.1109/IROS.2013.6696696}
}

@inproceedings{Lysukho,
author = {Г.В. Лысухо, А.Л. Масленников},
year = {2020},
pages = {},
title = {КВАДРОКОПТЕР: ДИНАМИКА И УПРАВЛЕНИЕ},
school = {МГТУ им. Н.Э. Баумана},
journal = {Политехнический молодежный журнал},
doi = {10.18698/2541-8009-2020-04-604}
}

@mastersthesis{sabatino2015quadrotor,
  author  = {Francesco Sabatino},
  title   = {Quadrotor control: modeling, nonlinear control design, and simulation},
  school  = {KTH Royal Institute of Technology},
  year    = {2015},
  address = {Stockholm, Sweden},
  url     = {https://www.kth.se/polopoly_fs/1.588039.1600688317!/Thesis%20KTH%20-%20Francesco%20Sabatino.pdf}
}

@article{article,
author = {Khan, and Grigorie, Teodor and Botez, Ruxandra and Mamou, Mahmoud and Mebarki, Youssef},
year = {2019},
month = {09},
pages = {65},
title = {Fuzzy Logic-Based Control for a Morphing Wing Tip Actuation System: Design, Numerical Simulation, and Wind Tunnel Experimental Testing},
volume = {4},
journal = {Biomimetics},
doi = {10.3390/biomimetics4040065}
}

@techreport{Alderete_Simulator_Aero_Model,
  author = {Thomas S. Alderete},
  title = {Simulator Aero Model Implementation},
  school = {NASA Ames Research Center},
  url = {https://aviationsystems.arc.nasa.gov/publications/hitl/rtsim/Toms.pdf}
}

@techreport{Luukkonen_Quadcopter_Modeling,
  author = {Teppo Luukkonen},
  title = {Modelling and Control of Quadcopter},
  school = {Aalto University, School of Science},
  year = {2011},
  url = {https://sal.aalto.fi/publications/pdf-files/eluu11_public.pdf}
}
