@inproceedings{inproceedings,
  author = {Omari, Sammy and Hua, Minh-Duc and Ducard, Guillaume and Hamel, T.},
  year = {2013},
  pages = {},
  title = {Nonlinear control of VTOL UAVs incorporating flapping dynamics},
  doi = {10.1109/IROS.2013.6696696}
}

@inproceedings{Lysukho,
  author = {Г.В. Лысухо, А.Л. Масленников},
  year = {2020},
  pages = {},
  title = {КВАДРОКОПТЕР: ДИНАМИКА И УПРАВЛЕНИЕ},
  school = {МГТУ им. Н.Э. Баумана},
  doi = {10.18698/2541-8009-2020-04-604}
}

@mastersthesis{sabatino2015quadrotor,
  author  = {Francesco Sabatino},
  title   = {Quadrotor control: modeling, nonlinear control design, and simulation},
  school  = {KTH Royal Institute of Technology},
  year    = {2015},
  address = {Stockholm, Sweden},
  url     = {https://www.kth.se/polopoly_fs/1.588039.1600688317!/Thesis%20KTH%20-%20Francesco%20Sabatino.pdf}
}

@article{article,
  author = {Khan, and Grigorie, Teodor and Botez, Ruxandra and Mamou, Mahmoud and Mebarki, Youssef},
  year = {2019},
  title = {Fuzzy Logic-Based Control for a Morphing Wing Tip Actuation System: Design, Numerical Simulation, and Wind Tunnel Experimental Testing},
  volume = {4},
  journal = {Biomimetics},
  doi = {10.3390/biomimetics4040065}
}

@techreport{Alderete_Simulator_Aero_Model,
  author = {Thomas S. Alderete},
  title = {Simulator Aero Model Implementation},
  school = {NASA Ames Research Center},
  url = {https://aviationsystems.arc.nasa.gov/publications/hitl/rtsim/Toms.pdf}
}

@techreport{Luukkonen_Quadcopter_Modeling,
  author = {Teppo Luukkonen},
  title = {Modelling and Control of Quadcopter},
  school = {Aalto University, School of Science},
  year = {2011},
  url = {https://sal.aalto.fi/publications/pdf-files/eluu11_public.pdf}
}

@article{Linearization_two,
  author = {Martins, Luis and Cardeira, C. and Oliveira, Paulo},
  year = {2022},
  month = {06},
  pages = {1-17},
  title = {Inner-outer feedback linearization for quadrotor control: two-step design and validation},
  volume = {110},
  journal = {Nonlinear Dynamics},
  doi = {10.1007/s11071-022-07632-y}
}

@inproceedings{LQR_feedback,
  author = {Belkheiri, Mohammed and Rabhi, Abdelhamid and El hajjaji, Ahmed and Pegard, C},
  year = {2012},
  month = {01},
  pages = {1-6},
  title = {Different linearization control techniques for a quadrotor system}
}

@article{RobustSlidingMode,
  author = {Almakhles, Dhafer},
  year = {2019},
  pages = {1-1},
  title = {Robust Backstepping Sliding Mode Control for a Quadrotor Trajectory Tracking Application},
  volume = {PP},
  journal = {IEEE Access},
  doi = {10.1109/ACCESS.2019.2962722}
}

@article{AdaptiveSlidingMode,
  author = {Labbadi, Moussa and Cherkaoui, Mohamed},
  year = {2019},
  pages = {},
  title = {Robust adaptive nonsingular fast terminal sliding-mode tracking control for an uncertain quadrotor UAV subjected to disturbances},
  volume = {99},
  journal = {ISA Transactions},
  doi = {10.1016/j.isatra.2019.10.012}
}

@Article{aerospace4020031,
  AUTHOR = {Ru, Pengkai and Subbarao, Kamesh},
  TITLE = {Nonlinear Model Predictive Control for Unmanned Aerial Vehicles},
  JOURNAL = {Aerospace},
  VOLUME = {4},
  YEAR = {2017},
  NUMBER = {2},
  ARTICLE-NUMBER = {31},
  URL = {https://www.mdpi.com/2226-4310/4/2/31},
  ISSN = {2226-4310},
  DOI = {10.3390/aerospace4020031}
}


@inproceedings{EmaxECO1300KV,
  title = {EMAX ECO Series 1300KV Motor Specifications},
  organization = {EMAX},
  year = {2022},
  url = {https://emaxmodel.com/collections/hot-products/products/emax-eco-ii-series-2807-1300kv-1700kv-1500kv-brushless-motor-for-rc-drone-fpv-racing?_pos=4&_sid=3ae45a158&_ss=r}
}

@inproceedings{RadiolinkF722,
  title = {Radiolink F722 Flight Controller Documentation},
  organization = {Radiolink},
  year = {2023},
  url = {https://www.radiolink.com.cn/f722}
}

@inproceedings{ICM42688P,
  title = {ICM-42688-P Datasheet},
  organization = {TDK InvenSense},
  year = {2021},
  url = {https://product.tdk.com/system/files/dam/doc/product/sensor/mortion-inertial/imu/data_sheet/ds-000347-icm-42688-p-v1.6.pdf}
}

@inproceedings{STM32F722,
  title = {STM32F722 Reference Manual},
  organization = {STMicroelectronics},
  year = {2018},
  url = {https://www.st.com/resource/en/reference_manual/dm00305990-stm32f722-stm32f723-stm32f732-and-stm32f733-advanced-arm-based-32-bit-mcus-stmicroelectronics.pdf}
}

@inproceedings{MQTT,
  title = {MQTT Protocol Specification},
  author = {OASIS},
  year = {2019},
  url = {https://docs.oasis-open.org/mqtt/mqtt/v5.0/mqtt-v5.0.html}
}

@inproceedings{Mosquitto,
  title = {Eclipse Mosquitto MQTT Broker},
  author = {Eclipse Foundation},
  year = {2023},
  url = {https://mosquitto.org/documentation/}
}

@inproceedings{OpenCV,
  title = {OpenCV Documentation},
  author = {OpenCV Team},
  year = {2023},
  url = {https://docs.opencv.org/4.10.0/}
}

@inproceedings{Aruco,
  title = {ArUco Marker Detection in OpenCV},
  author = {OpenCV Team},
  year = {2023},
  url = {https://docs.opencv.org/4.10.0/d5/dae/tutorial_aruco_detection.html}
}

@inproceedings{AprilTag,
  title = {AprilTag: A robust visual fiducial system},
  author = {AprilRobotics},
  year = {2023},
  url = {https://april.eecs.umich.edu/software/apriltag}
}

@inproceedings{Betaflight,
  author = {Betaflight},
  title = {Betaflight Open Source Flight Controller Software},
  year = {2023},
  url = {https://github.com/betaflight/betaflight}
}